@inproceedings{Tor,
 author = {Dingledine, Roger and Mathewson, Nick and Syverson, Paul},
 title = {Tor: The Second-generation Onion Router},
 booktitle = {Proceedings of the 13th Conference on USENIX Security Symposium - Volume 13},
 series = {SSYM'04},
 year = {2004},
 location = {San Diego, CA},
 pages = {21--21},
 numpages = {1},
 url = {http://dl.acm.org/citation.cfm?id=1251375.1251396},
 acmid = {1251396},
 publisher = {USENIX Association},
 address = {Berkeley, CA, USA},
} 

@INPROCEEDINGS{Netflix, 
author={Adhikari, V.K. and Yang Guo and Fang Hao and Varvello, M. and Hilt, V. and Steiner, M. and Zhi-Li Zhang}, 
booktitle={INFOCOM, 2012 Proceedings IEEE}, 
title={Unreeling netflix: Understanding and improving multi-CDN movie delivery}, 
year={2012}, 
month={March}, 
pages={1620-1628}, 
keywords={Internet;bandwidth allocation;computer centres;video on demand;video streaming;CDN assignment strategy;Canada;Netflix architecture;US;content delivery networks;content distribution;data centers;measurement-based adaptive CDN selection strategy;multiCDN movie delivery bandwidth;on-demand Internet video streaming;on-demand streaming services;peak downstream traffic;service strategy;user average bandwidth;video delivery bandwidth;video delivery strategy;Bandwidth;Bit rate;Browsers;Computers;Motion pictures;Servers;Streaming media}, 
doi={10.1109/INFCOM.2012.6195531}, 
ISSN={0743-166X},}

@inproceedings{andana,
  added-at = {2013-09-18T00:00:00.000+0200},
  author = {DiBenedetto, Steve and Gasti, Paolo and Tsudik, Gene and Uzun, Ersin},
  biburl = {http://www.bibsonomy.org/bibtex/2665bc895d9f0f3d3f9a862cae872ddee/dblp},
  booktitle = {NDSS},
  crossref = {conf/ndss/2012},
  ee = {http://www.internetsociety.org/andana-anonymous-named-data-networking-application},
  interhash = {6004a36386b2a4c64b385b4250a90a1a},
  intrahash = {665bc895d9f0f3d3f9a862cae872ddee},
  keywords = {dblp},
  publisher = {The Internet Society},
  timestamp = {2013-09-18T00:00:00.000+0200},
  title = {ANDaNA: Anonymous Named Data Networking Application.},
  url = {http://dblp.uni-trier.de/db/conf/ndss/ndss2012.html#DiBenedettoGTU12},
  year = 2012
}
